@ARTICLE{Plotkin2013,
  author    = {Gordon D. Plotkin and
               Matija Pretnar},
  title     = {Handling Algebraic Effects},
  journal   = {Logical Methods in Computer Science},
  volume    = {9},
  number    = {4},
  year      = {2013},
  url       = {http://dx.doi.org/10.2168/LMCS-9(4:23)2013},
  doi       = {10.2168/LMCS-9(4:23)2013},
  timestamp = {Mon, 06 Jan 2014 17:34:19 +0100},
  biburl    = {http://dblp.uni-trier.de/rec/bib/journals/corr/PlotkinP13},
  bibsource = {dblp computer science bibliography, http://dblp.org}
}

@MISC{Links,
  author    = {Philip Wadler and Sam Lindley and Garrett Morris and others},
  title     = {Links: Linking Theory to Practice for the Web},
  year      = {2005},
  howpublished={\url{http://groups.inf.ed.ac.uk/links/}}
  }

@INPROCEEDINGS{Kammar2013,
  author = {Ohad Kammar and Sam Lindley and Nicolas Oury},
  title  = {Handlers in Action},
  booktitle = {ICFP'13},
  pages  = {145-158},
  year   = {2013}
}

@inproceedings{Lindley14,
  author    = {Sam Lindley},
  title     = {Algebraic effects and effect handlers for idioms and arrows},
  booktitle = {Proceedings of the 10th {ACM} {SIGPLAN} workshop on Generic programming,
               {WGP} 2014, Gothenburg, Sweden, August 31, 2014},
  pages     = {47--58},
  year      = {2014},
  crossref  = {DBLP:conf/icfp/2014wgp},
  url       = {http://doi.acm.org/10.1145/2633628.2633636},
  doi       = {10.1145/2633628.2633636},
  timestamp = {Thu, 25 Jun 2015 13:50:37 +0200},
  biburl    = {http://dblp.uni-trier.de/rec/bib/conf/icfp/Lindley14},
  bibsource = {dblp computer science bibliography, http://dblp.org}
}

@article{Wadler2003,
  author    = {Philip Wadler and
               Peter Thiemann},
  title     = {The marriage of effects and monads},
  journal   = {{ACM} Trans. Comput. Log.},
  volume    = {4},
  number    = {1},
  pages     = {1--32},
  year      = {2003},
  url       = {http://doi.acm.org/10.1145/601775.601776},
  doi       = {10.1145/601775.601776},
  timestamp = {Fri, 21 Nov 2003 08:34:42 +0100},
  biburl    = {http://dblp.uni-trier.de/rec/bib/journals/tocl/WadlerT03},
  bibsource = {dblp computer science bibliography, http://dblp.org}
}

@inproceedings{Wadler1992,
 author = {Wadler, Philip},
 title = {The Essence of Functional Programming},
 booktitle = {Proceedings of the 19th ACM SIGPLAN-SIGACT Symposium on Principles of Programming Languages},
 series = {POPL '92},
 year = {1992},
 isbn = {0-89791-453-8},
 location = {Albuquerque, New Mexico, USA},
 pages = {1--14},
 numpages = {14},
 url = {http://doi.acm.org/10.1145/143165.143169},
 doi = {10.1145/143165.143169},
 acmid = {143169},
 publisher = {ACM},
 address = {New York, NY, USA},
}

@book{O'Sullivan2008,
 author = {Bryan O'Sullivan and John Goerzen and Don Stewart},
 title = {Real World Haskell},
 year = {2008},
 isbn = {0596514980, 9780596514983},
 edition = {1st},
 publisher = {O'Reilly Media, Inc.},
}
