@ARTICLE{Plotkin2013,
  author    = {Gordon D. Plotkin and
               Matija Pretnar},
  title     = {Handling Algebraic Effects},
  journal   = {Logical Methods in Computer Science},
  volume    = {9},
  number    = {4},
  year      = {2013},
  url       = {http://dx.doi.org/10.2168/LMCS-9(4:23)2013},
  doi       = {10.2168/LMCS-9(4:23)2013},
  timestamp = {Mon, 06 Jan 2014 17:34:19 +0100},
  biburl    = {http://dblp.uni-trier.de/rec/bib/journals/corr/PlotkinP13},
  bibsource = {dblp computer science bibliography, http://dblp.org}
}

@MISC{Links,
  author    = {Philip Wadler and Sam Lindley and Garrett Morris and others},
  title     = {Links: Linking Theory to Practice for the Web},
  year      = {2005},
  howpublished={\url{http://groups.inf.ed.ac.uk/links/}}
  }

@INPROCEEDINGS{Kammar2013,
  author = {Ohad Kammar and Sam Lindley and Nicolas Oury},
  title  = {Handlers in Action},
  booktitle = {ICFP'13},
  pages  = {145-158},
  year   = {2013}
}

@article{Benton01,
  author    = {Nick Benton and Andrew Kennedy},
  title     = {Exceptional Syntax},
  journal   = {Journal of Functional Programming},
  volume    = {11},
  number    = {4},
  pages     = {395--410},
  year      = {2001},
  url       = {http://dx.doi.org/10.1017/S0956796801004099},
  doi       = {10.1017/S0956796801004099},
  timestamp = {Fri, 10 Jun 2011 14:42:14 +0200},
  biburl    = {http://dblp.uni-trier.de/rec/bib/journals/jfp/BentonK01},
  bibsource = {dblp computer science bibliography, http://dblp.org}
}

@inproceedings{Lindley14,
  author    = {Sam Lindley},
  title     = {Algebraic effects and effect handlers for idioms and arrows},
  booktitle = {Proceedings of the 10th {ACM} {SIGPLAN} workshop on Generic programming,
               {WGP} 2014, Gothenburg, Sweden, August 31, 2014},
  pages     = {47--58},
  year      = {2014},
  crossref  = {DBLP:conf/icfp/2014wgp},
  url       = {http://doi.acm.org/10.1145/2633628.2633636},
  doi       = {10.1145/2633628.2633636},
  timestamp = {Thu, 25 Jun 2015 13:50:37 +0200},
  biburl    = {http://dblp.uni-trier.de/rec/bib/conf/icfp/Lindley14},
  bibsource = {dblp computer science bibliography, http://dblp.org}
}